# ------------------------------------------------------------------------------
# References to CIs used
# ------------------------------------------------------------------------------

# (accessed  October 2017)}
@misc{ornl,
title={{ORNL}},
note={\url{https://www.olcf.ornl.gov/computing-resources}} 
}

# (accessed  October 2017)}
@misc{ornl_titan,
title={{ORNL} {Titan}},
note={\url{https://www.olcf.ornl.gov/computing-resources/titan-cray-xk7/}} 
}

# (accessed  October 2017)}
@misc{ornl_rhea,
title={{ORNL} {Rhea}},
note={\url{https://www.olcf.ornl.gov/computing-resources/rhea/}} 
}


#(accessed  October 2017)
@misc{xsede,
title={{XSEDE}},
note={\url{https://portal.xsede.org/}} 
}

# (accessed  October 2017)}
@misc{xsede_comet,
title={{SDSC} {Comet}},
note={\url{https://portal.xsede.org/sdsc-comet/}} 
}

# (accessed  10/17)}
@misc{xsede_stampede,
title={{TACC} {Stampede}},
note={\url{https://www.xsede.org/stampede}} 
}

# (accessed  10/17)}
@misc{xsede_supermic,
title={{LSU} {SuperMIC}},
note={\url{https://portal.xsede.org/lsu-supermic}}
}

# (accessed  October 2017)}
@misc{ncsa_bw,
title={{NCSA} {Blue Waters}},
note={\url{https://bluewaters.ncsa.illinois.edu/}} 
}


# ------------------------------------------------------------------------------
# References to other WF systems 
# ------------------------------------------------------------------------------
@article{deelman2005pegasus,
  title={Pegasus: A framework for mapping complex scientific workflows onto distributed systems},
  author={Deelman, Ewa and Singh, Gurmeet and Su, Mei-Hui and Blythe, James and Gil, Yolanda and Kesselman, Carl and Mehta, Gaurang and Vahi, Karan and Berriman, G Bruce and Good, John and others},
  journal={Scientific Programming},
  volume={13},
  number={3},
  pages={219--237},
  year={2005},
  publisher={Hindawi Publishing Corporation}
}

@article{ludascher2006scientific,
  title={Scientific workflow management and the Kepler system},
  author={Lud{\"a}scher, Bertram and Altintas, Ilkay and Berkley, Chad and Higgins, Dan and Jaeger, Efrat and Jones, Matthew and Lee, Edward A and Tao, Jing and Zhao, Yang},
  journal={Concurrency and Computation: Practice and Experience},
  volume={18},
  number={10},
  pages={1039--1065},
  year={2006},
  publisher={Wiley Online Library}
}

@article{taylor2007triana,
  title={The triana workflow environment: Architecture and applications},
  author={Taylor, Ian and Shields, Matthew and Wang, Ian and Harrison, Andrew},
  journal={Workflows for e-Science},
  pages={320--339},
  year={2007},
  publisher={Springer}
}


@article{wilde2011swift,
  title={Swift: A language for distributed parallel scripting},
  author={Wilde, Michael and Hategan, Mihael and Wozniak, Justin M and Clifford, Ben and Katz, Daniel S and Foster, Ian},
  journal={Parallel Computing},
  volume={37},
  number={9},
  pages={633--652},
  year={2011},
  publisher={Elsevier}
}


@inproceedings{hendrix2016tigres,
  title={Tigres workflow library: Supporting scientific pipelines on hpc systems},
  author={Hendrix, Valerie and Fox, James and Ghoshal, Devarshi and Ramakrishnan, Lavanya},
  booktitle={IEEE/ACM CCGrid},
  pages={146--155},
  year={2016}
}

# (accessed  October 2017)}
@misc{airflow,
title={Airflow},
note={\url{https://airflow.incubator.apache.org/}} 
}

# (accessed  October 2017)}
@misc{taskflow,
title={Taskflow},
note={\url{https://wiki.openstack.org/wiki/TaskFlow}} 
}

# (accessed  October 2017)}
@misc{luigi,
title={Luigi},
note={\url{https://github.com/spotify/luigi}} 
}

# ------------------------------------------------------------------------------


# ------------------------------------------------------------------------------
# References to EBA examples
# ------------------------------------------------------------------------------

@article{apex-workflows,
  title={{APEX} {Workflows}},
  author={Los Alamos National Laboratory, National Energy Research Scientific 
  Computing Center, Sandia National Laboratory},
  year={2016}
}


# Molecular science
# --------------------------

@article{cheatham2015impact,
  title={The impact of heterogeneous computing on workflows for biomolecular 
  simulation and analysis},
  author={Cheatham III, Thomas E and Roe, Daniel R},
  journal={Computing in Science \& Engineering},
  volume={17},
  number={2},
  pages={30--39},
  year={2015},
  publisher={IEEE}
}


@article{sugita1999replica,
  title={Replica-exchange molecular dynamics method for protein folding},
  author={Sugita, Yuji and Okamoto, Yuko},
  journal={Chemical physics letters},
  volume={314},
  number={1},
  pages={141--151},
  year={1999},
  publisher={Elsevier}
}


@article{chodera2014markov,
  title={Markov state models of biomolecular conformational dynamics},
  author={Chodera, John D and No{\'e}, Frank},
  journal={Current opinion in structural biology},
  volume={25},
  pages={135--144},
  year={2014},
  publisher={Elsevier}
}


@article{noe2009constructing,
  title={Constructing the equilibrium ensemble of folding pathways from short 
  off-equilibrium simulations},
  author={No{\'e}, Frank and Sch{\"u}tte, Christof and Vanden-Eijnden, Eric and 
  Reich, Lothar and Weikl, Thomas R},
  journal={Proceedings of the National Academy of Sciences},
  volume={106},
  number={45},
  pages={19011--19016},
  year={2009},
  publisher={National Acad Sciences}
}


# Climate science
# --------------------------

@article{wan2014short,
  title={Short ensembles: an efficient method for discerning climate-relevant 
  sensitivities in atmospheric general circulation models},
  author={Wan, Hui and Rasch, Philip J and Zhang, Kai and Qian, Yun and Yan, 
  Huiping and Zhao, Chun},
  journal={Geoscientific Model Development},
  volume={7},
  number={5},
  pages={1961--1977},
  year={2014},
  publisher={Copernicus GmbH}
}

@article{bauer2015quiet,
  title={The quiet revolution of numerical weather prediction},
  author={Bauer, Peter and Thorpe, Alan and Brunet, Gilbert},
  journal={Nature},
  volume={525},
  number={7567},
  pages={47--55},
  year={2015},
  publisher={Nature Research}
}

@article{cervone2008risk,
  title={Risk assessment of atmospheric emissions using machine learning},
  author={Cervone, G and Franzese, P and Ezber, Y and Boybeyi, Z},
  journal={Natural Hazards and Earth System Sciences},
  volume={8},
  number={5},
  pages={991--1000},
  year={2008},
  publisher={Copernicus GmbH}
}

@article{hamill2010future,
  title={Future of ensemble-based hurricane forecast products},
  author={Hamill, Thomas M and Brennan, Michael J and Brown, Barbara and 
  DeMaria, Mark and Rappaport, Edward N and Toth, Zoltan},
  journal={Bull. Amer. Meteor. Soc},
  year={2010}
}


# Bioinformatics
# -------------------------------

@article{martin2010rnnotator,
  title={Rnnotator: an automated de novo transcriptome assembly pipeline from 
  stranded {RNA-Seq} reads},
  author={Martin, Jeffrey and Bruno, Vincent M and Fang, Zhide and Meng, 
  Xiandong and Blow, Matthew and Zhang, Tao and Sherlock, Gavin and Snyder, 
  Michael and Wang, Zhong},
  journal={BMC genomics},
  volume={11},
  number={1},
  pages={663},
  year={2010},
  publisher={BioMed Central}
}


# ------------------------------------------------------------------------------
# References to other RADICAL tools and concepts
# ------------------------------------------------------------------------------

@inproceedings{entk,
  title={Ensemble toolkit: Scalable and flexible execution of ensembles of tasks},
  author={Balasubramanian, Vivekanandan and Treikalis, Antons and Weidner, Ole and Jha, Shantenu},
  booktitle={45th Int. Conf. on Parallel Processing (ICPP)},
  pages={458--463},
  year={2016},
  organization={IEEE}
}


@misc{review_radicalpilot,
  author = {Andre Merzky and Mark Santcroos and Matteo Turilli and Shantenu Jha},
  title = {Executing Dynamic and Heterogeneous Workloads on Super Computers},
  OPTjournal = {{Under Review}},
  note = {(under review) \url{http://arxiv.org/abs/1512.08194}},
  year = 2017,
}

@misc{rp-paper-isc,
  author = {Andre Merzky and Matteo Turilli and Manuel Maldonado and Shantenu Jha},
  title = {Design and Performance Characterization of {RADICAL-Pilot} on {Titan}},
  OPTjournal = {{Under Review}},
  note = {(under review) \url{http://arxiv.org/abs/1512.08194}},
  year = 2017,
}

@article{review_pilotreview,
  author = {Matteo Turilli and Mark Santcroos and Shantenu Jha},
  title = {A Comprehensive Perspective on {Pilot-Jobs}},
  journal = {{ACM Computing Surveys (accepted, in press)}},
  note = {\newline \url{http://arxiv.org/abs/1508.04180}},
  year = 2017,
}


#misc{bb1, 
  author      = {Matteo Turilli, Andre Merzky and Shantenu Jha},
  title = {Designing Workflow Systems Using Building Blocks},
  note        = {\newline \url{http://arxiv.org/abs/1609.03484}},
  year        = 2017,
}

#article{bb2,
  title = {Toward Common Components for Open Workflow Systems},
  author = {Jay Jay Billings and Shantenu Jha},
  journal = {Proceedings of Open Source SuperComputing, Workshop at SC'17},
  year = {2017},
  note = {\newline{https://arxiv.org/abs/1710.06774}}
}

@misc{bb1,
 title = {Designing Workflow Systems Using Building Blocks},
 note = {\url{https://arxiv.org/abs/1609.03484}}
}

@misc{bb2,
 title = {Towards Common Components for Open Workflow Systems},
 note = {\url{https://arxiv.org/abs/1710.06774}}
 }

# ------------------------------------------------------------------------------
# References to applications and tools
# ------------------------------------------------------------------------------

@article{abraham2015gromacs,
  title={{GROMACS}: High performance molecular simulations through multi-level parallelism from laptops to supercomputers},
  author={Abraham, Mark James and Murtola, Teemu and Schulz, Roland and P{\'a}ll, Szil{\'a}rd and Smith, Jeremy C and Hess, Berk and Lindahl, Erik},
  journal={SoftwareX},
  volume={1},
  pages={19--25},
  year={2015},
  publisher={Elsevier}
}

@article{BozdagEtAl2016,
  author = {Bozdağ, Ebru and Peter, Daniel and Lefebvre, Matthieu and Komatitsch, Dimitri and Tromp, Jeroen and Hill, Judith and Podhorszki, Norbert and Pugmire, David},
  title = {Global adjoint tomography: first-generation model},
  journal = {Geophysical Journal International},
  volume = {207},
  number = {3},
  pages = {1739-1766},
  year = {2016},
  doi = {10.1093/gji/ggw356},
  URL = { + http://dx.doi.org/10.1093/gji/ggw356},
  eprint = {/oup/backfile/content_public/journal/gji/207/3/10.1093_gji_ggw356/1/ggw356.pdf}
}

@article{Virieux2009,
    author = {Virieux, J. and Operto, S.},
    title = {An overview of full-waveform inversion in exploration geophysics},
    journal = {GEOPHYSICS},
    month = nov,
    number = {6},
    pages = {WCC1--WCC26},
    publisher = {Society of Exploration Geophysicists},
    url = {http://dx.doi.org/10.1190/1.3238367},
    volume = {74},
    year = {2009}
}

# (accessed  October 2017)}
@misc{entk-repo,
  title={{EnTK}},
  note={\url{https://github.com/radical-cybertools/radical.entk}}
}

@article{komatitsch2002spectral,
  title={Spectral-element simulations of global seismic wave propagation—I. Validation},
  author={Komatitsch, Dimitri and Tromp, Jeroen},
  journal={Geophysical Journal International},
  volume={149},
  number={2},
  pages={390--412},
  year={2002},
  publisher={Blackwell Publishing Ltd Oxford, UK}
}


@article{alessandrini2015analog,
  title={An analog ensemble for short-term probabilistic solar power forecast},
  author={Alessandrini, S and Delle Monache, L and Sperati, S and Cervone, G},
  journal={Applied energy},
  volume={157},
  pages={95--110},
  year={2015},
  publisher={Elsevier}
}


@article{triangulation,
  title={High resolution image formation from low resolution frames using Delaunay triangulation},
  author={Lertrattanapanich, Surapong and Bose, Nirmal K},
  journal={IEEE Transactions on Image Processing},
  volume={11},
  number={12},
  pages={1427--1441},
  year={2002},
  publisher={IEEE}
}


@article{anen,
  title={Short-term photovoltaic power forecasting using Artificial Neural Networks and an Analog Ensemble},
  author={Cervone, Guido and Clemente-Harding, Laura and Alessandrini, Stefano and Delle Monache, Luca},
  journal={Renewable Energy},
  volume={108},
  pages={274--286},
  year={2017},
  publisher={Elsevier}
}


@article{stonebraker2002too,
  title={Too much middleware},
  author={Stonebraker, Michael},
  journal={ACM Sigmod Record},
  volume={31},
  number={1},
  pages={97--106},
  year={2002},
  publisher={ACM}
}

@article{aloisio2003secure,
  title={Secure web services with Globus GSI and gSOAP},
  author={Aloisio, Giovanni and Cafaro, Massimo and Lezzi, Daniele and van Engelen, Robert},
  journal={Euro-Par 2003 Parallel Processing},
  pages={421--426},
  year={2003},
  publisher={Springer}
}


@article{krishnan2011myhadoop,
  title={myHadoop: Hadoop-on-Demand on Traditional HPC Resources},
  author={Krishnan, Sriram and Tatineni, Mahidhar and Baru, Chaitanya},
  journal={San Diego Supercomputer Center Technical Report TR-2011-2, University of California, San Diego},
  year={2011}
}


@inproceedings{moody2013jummp,
  title={Jummp: Job uninterrupted maneuverable mapreduce platform},
  author={Moody, William Clay and Ngo, Linh Bao and Duffy, Edward and Apon, Amy},
  booktitle={IEEE Int. Conf. on Cluster Computing (CLUSTER)},
  pages={1--8},
  year={2013},
  organization={IEEE}
}

@misc{magpie,
  title = {Magpie},
  note = {\url{https://github.com/LLNL/magpie}(accessed December 2017)}
}


@inproceedings{sato2003omnirpc,
  title={{OmniRPC}: a {Grid RPC} system for parallel programming in cluster and Grid environment},
  author={Sato, Mitsuhisa and Boku, Taisuke and Takahashi, Daisuke},
  booktitle={IEEE/ACM CCGrid},
  pages={206--213},
  year={2003},
  organization={IEEE}
}


@article{tanaka2003ninf,
  title={Ninf-G: A reference implementation of RPC-based programming middleware for Grid computing},
  author={Tanaka, Yoshio and Nakada, Hidemoto and Sekiguchi, Satoshi and Suzumura, Toyotaro and Matsuoka, Satoshi},
  journal={Journal of Grid computing},
  volume={1},
  number={1},
  pages={41--51},
  year={2003}
}


@article{goecks2010galaxy,
  title={Galaxy: a comprehensive approach for supporting accessible, reproducible, and transparent computational research in the life sciences},
  author={Goecks, Jeremy and Nekrutenko, Anton and Taylor, James},
  journal={Genome biology},
  volume={11},
  number={8},
  pages={R86},
  year={2010}
}


@article{oinn2004taverna,
  title={Taverna: a tool for the composition and enactment of bioinformatics workflows},
  author={Oinn, Tom and Addis, Matthew and Ferris, Justin and Marvin, Darren and Senger, Martin and Greenwood, Mark and Carver, Tim and Glover, Kevin and Pocock, Matthew R and Wipat, Anil and others},
  journal={Bioinformatics},
  volume={20},
  number={17},
  pages={3045--3054},
  year={2004}
}

@article{goodstadt2010ruffus,
  title={Ruffus: a lightweight Python library for computational pipelines},
  author={Goodstadt, Leo},
  journal={Bioinformatics},
  volume={26},
  number={21},
  pages={2778--2779},
  year={2010}
}


@article{gafni2014cosmos,
  title={COSMOS: Python library for massively parallel workflows},
  author={Gafni, Erik and Luquette, Lovelace J and Lancaster, Alex K and Hawkins, Jared B and Jung, Jae-Yoon and Souilmi, Yassine and Wall, Dennis P and Tonellato, Peter J},
  journal={Bioinformatics},
  volume={30},
  number={20},
  pages={2956--2958},
  year={2014}
}

@article{taura2013design,
  title={Design and implementation of GXP make—A workflow system based on make},
  author={Taura, Kenjiro and Matsuzaki, Takuya and Miwa, Makoto and Kamoshida, Yoshikazu and Yokoyama, Daisaku and Dun, Nan and Shibata, Takeshi and Jun, Choi Sung and Tsujii, Jun’ichi},
  journal={Future Generation Computer Systems},
  volume={29},
  number={2},
  pages={662--672},
  year={2013}
}


@article{hoon2003biopipe,
  title={Biopipe: a flexible framework for protocol-based bioinformatics analysis},
  author={Hoon, Shawn and Ratnapu, Kiran Kumar and Chia, Jer-ming and Kumarasamy, Balamurugan and Juguang, Xiao and Clamp, Michele and Stabenau, Arne and Potter, Simon and Clarke, Laura and Stupka, Elia},
  journal={Genome Research},
  volume={13},
  number={8},
  pages={1904--1915},
  year={2003}
}


@article{pronk2015molecular,
  title={Molecular simulation workflows as parallel algorithms: The execution engine of copernicus, a distributed high-performance computing platform},
  author={Pronk, Sander and Pouya, Iman and Lundborg, Magnus and Rotskoff, Grant and Wesen, Bjorn and Kasson, Peter M and Lindahl, Erik},
  journal={Journal of chemical theory and computation},
  volume={11},
  number={6},
  pages={2600--2608},
  year={2015}
}

@article{Ludascher2006,
  title = {Scientific workflow management and the Kepler system},
  author = {Lud{\"a}scher, Bertram and Altintas, Ilkay and Berkley, Chad and Higgins, Dan and Jaeger, Efrat and Jones, Matthew B and Lee, Edward A and Tao, Jing and Zhao, Yang},
  journal = {Concurrency and Computation: Practice and Experience},
  volume = {18},
  number = {10},
  pages = {1039--1065},
  year = {2006}
}

@article{Deelman2005,
  title = {Pegasus: A framework for mapping complex scientific workflows onto distributed systems},
  author = {Deelman, Ewa and Singh, Gurmeet and Su, Mei-Hui and Blythe, James and Gil, Yolanda and Kesselman, Carl and Mehta, Gaurang and Vahi, Karan and Berriman, G. Bruce and Good, John and Laity, Anastasia and Jacob, Joseph C. and Katz, Daniel S.},
  journal = {Scientific Programming},
  volume = {13},
  number = {3},
  pages = {219--237},
  year = {2005}
}

@techreport{bachmann2000volume,
  title={Volume II: Technical concepts of component-based software engineering},
  author={Bachmann, Felix and Bass, Len and Buhman, Charles and Comella-Dorda, Santiago and Long, Fred and Robert, John and Seacord, Robert and Wallnau, Kurt},
  year={2000},
  institution={Technical Report CMU/SEI-2000-TR-008, Carnegie Mellon Software Engineering Institute}
}

@article{heineman2001component,
  title={Component-based software engineering},
  author={Heineman, George T and Councill, William T},
  journal={Putting the pieces together, addison-westley},
  pages={5},
  year={2001},
  publisher={Springer}
}

@inproceedings{luckow2016hadoop,
  title={Hadoop on HPC: integrating Hadoop and pilot-based dynamic resource management},
  author={Luckow, Andre and Paraskevakos, Ioannis and Chantzialexiou, George and Jha, Shantenu},
  booktitle={IEEE IPDPS Workshops},
  pages={1607--1616},
  year={2016},
  organization={IEEE}
}