@misc{radical_group,
title={{RADICAL Group at Rutgers}},
note={\url{http://radical.rutgers.edu/}} 
}